LDR  01684cmm  2200313Ia 4500
001  UCMb10000185
003  OCoLC
005  20040510143000.0
008  981118s1998    cau        m        lat d
020       $a 1891788124
040       $a CUV $c CUV $d OCL $d OCLCQ
041  1    $a englat $h lat $g eng
049       $a MAIN
090       $a QB41 $b .G17 1998
100  1    $a Galilei, Galileo, $d 1564-1642.
245  10   $a Sidereus nuncius $h [electronic resource] : $b Venice, 1610 / $c Galileo Galilei.
260       $a Palo Alto, CA : $b Octavo, $c c1998.
300       $a 1 computer laser optical disc : $b col. ; $c 4 3/4 in. + $e insert.
538       $a System requirements for Windows: IBM PC Pentium or compatible; Windows 95, 98 or NT 3.5.1 with 3MB available RAM, or Windows NT 4.0 with 16MB available RAM; Adobe Acrobat 3.0 (included); CD-ROM drive; color monitor.
538       $a System requirements for Macintosh: Power Macintosh with 3.5 to 5.0MB available RAM; Adobe Acrobat 3.0 (included); CD-ROM drive; color monitor.
500       $a UCM: DROP INPUT 005, CREATE OUTPUT 005 FROM FILE DATE
546       $a In Latin with English translation.
520       $a Includes a digitized facsimile of the 1610 Venice edition of Galileo's Sidereus nuncius from the copy in the Warnock Library; the English translation by Albert Van Helden (Chicago : University of Chicago Press, 1989) and a commentary by Van Helden. Text is searchable and displays may be magnified up to 600%.
650   0   $a Astronomy $v Early works to 1800.
600  10   $a Galilei, Galileo, $d 1564-1642. $t Sidereus nuncius.
700  12   $a Galilei, Galileo, $d 1564-1642. $t Sidereus nuncius. $l English
700  1    $a Van Helden, Albert.
852       $a MER $b kmain
901       $a MER $b 10000185

Record 3
