LDR  02135nam  2200277Ia 4500
001  UCMb10000203
003  OCoLC
005  20040510143000.0
008  010417m19999999miua     b    001 0 eng d
020       $a 0787637262 (v. 1)
020       $a 0787637270 (v. 2)
040       $a SVP $c SVP
049       $a MAIN
090       $a PN681 $b .M67 1999
100  1    $a Moss, Joyce, $d 1951-
245  10   $a World literature and its times : $b profiles of notable literary works and the historical events that influenced them / $c Joyce Moss, Lorraine Valestuk.
260       $a Detroit : $b Gale Group, $c c1999-
300       $a v. ; $c 23 cm.
500       $a UCM: MONO REC HAS 852 FOLLOWED BY 2 866 FLDS - CONCATENATE 866 SUBFLD a'S, SEPARATED BY ";  " (2 SPACES), AND OUTPUT AS SINGLE SUBFLD 3 IN 852 (04/05).
520  1    $a "... a 12-volume series focusing on major fiction, poetry, and nonfiction from various geographic areas of the world. It uniquely combines literary and historical information, arranged in alphabetical order by the title of the work. Each of the 50 entries includes an introduction that discusses the work by genre, place, and period; a description of its social and political background; a summary of plot or contents; a description of the social, political, or literary events of its author's life and the way they have influenced the plot of contents of the work; and a list of sources and further readings ... the literatures of Africa, Asia, modern england and Ireland, Spain and Portugal, France, the Middle East, Italy, India, and Jewish literature. This series will be a welcome addition to public and academic libraries. It will be most useful to high school students and undergraduates."--"Outstanding reference sources 2000", American Libraries, May 2000. Comp. by the Reference Sources Committee, RUSA, ALA.
505  1    $a v. 1. Latin American literature and its times -- v. 2. African literature and its times.
650   0   $a Literature $x History and criticism.
650   0   $a Literature and history.
700  1    $a Valestuk, Lorraine, $d 1963-
852       $a MER $b kmain $3 v.1-12 (2001) (1ST 866);  Complete index in v.12 (2ND 866)
901       $a MER $b 10000203

Record 4
