LDR  01133cam  2200277 a 4500
001  UCMb10000239
003  DLC
005  20040510143000.0
008  030619s2002    enka     b    001 0 eng  
010       $a 2003271395
015       $a GBA2-W0140
020       $a 0198525168
035       $a (OCoLC)ocm50269941
040       $a UKM $c UKM $d GZM $d DLC
042       $a lccopycat
082  00   $a 531/.6 $2 22
100  1    $a Laidler, Keith James, $d 1916-
245  10   $a Energy and the unexpected / $c Keith J. Laidler.
260       $a Oxford ; $a New York : $b Oxford University Press, $c c2002.
300       $a xiii, 146 p. : $b ill. ; $c 24 cm.
500       $a UCM: OUTPUT 852 a = MER; OUTPUT SUBFLDS b THROUGH z AS DIRECTED FROM INPUT 852; DROP INPUT 852 SUBFLD 3, USE INPUT 866 TO CREATE OUTPUT 852 SUBFLD 3 (04/05).
650   0   $a Force and energy.
650   0   $a Chance.
650   0   $a Chaotic behavior in systems.
852       $a MER $b kmain $c 1ST c $c 2ND c $e 1ST e $e 2ND e $f 1ST f $f 2ND f $g 1ST g $g 2ND g $h QC72 $i .L35 2002 (1ST i) $i 2ND i $j 1ST j $k 1ST k $k 2ND k $l 1ST l $m 1ST m $m 2ND m $n 1ST n $p 1ST p $q 1ST q $s 1ST s $s 2ND s $t 1ST t $x 1ST x $x 2ND x $z 1ST z $z 2ND z $3 v.1, v.2 (866 FLD)
901       $a MER $b 10000239

Record 7
