LDR  01564cas  2200397 a 4500
001  UCMb10025182
003  DLC
005  20040510143000.0
008  980330c19989999cau x         0   a0eng d
010       $a 98640122 $z sn 98038096 $z 2001263041
022  0    $a 1099-4831
035       $a (OCoLC)38868130
040       $a CU-Riv $c CU-Riv $d MCM $d DLC $d NSDP $d DLC $d MiU $d DNLM $d OCoLC $d InU $d DNAL $d DLC $d MH $d DNLM $d NNU $d OCoLC $d DLC $d NSDP $d OCoLC
042       $a lc $a nsdp
070  0    $a QD421.A1 $b A43
072   0   $a X500
072   0   $a X380
082  00   $a 547.7/2/05 $2 19
210  0    $a Alkaloids, Chem. biol.
210  10   $a Alkaloids Chem Biol $2 dnlm
222   4   $a The Alkaloids. Chemistry and biology
245  04   $a The alkaloids. $p Chemistry and biology.
246  30   $a Chemistry and biology
246  1    $i Vols. 51-<59> have cover title: $a Alkaloids
260       $a San Diego : $b Academic Press, $c c1998-
300       $a v. : $b ill. ; $c 24 cm.
310       $a Irregular
362  0    $a Vol. 50-
500       $a UCM: SERIALS REC HAS 1 852 FIELD FOLLOWED BY 2 866 FLDS - CONCATENATE 866 FIELDS, SEPARATED BY ";  " (2 SPACES), AND OUTPUT IN SINGLE 852 SUBFLD 3 (04/05).
515       $a Vol. 56 lacks section title, and bears a distinctive title.
650   0   $a Alkaloids $v Periodicals.
650   0   $a Alkaloids $x Physiological effect $v Periodicals.
700  1    $a Cordell, Geoffrey A., $d 1946-
780  00   $t Alkaloids. Chemistry and pharmacology $x 0099-9598 $w (DLC)   83648149 $w (OCoLC)10245182
852       $a MER $b kmain $h QD421.A1 $i A43 $3 v.55 (1998)-v.58 (2001) (1ST 866);  v.60 (2ND 866) (2003)
901       $a MER $b 10025182

Record 9
